<?xml version="1.0" encoding="UTF-8"?><collection xmlns="info:lc/xmlns/marcxchange-v2" xsi:schemaLocation="info:lc/xmlns/marcxchange-v2 http://www.loc.gov/standards/iso25577/marcxchange-2-0.xsd" xmlns:xsi="http://www.w3.org/2001/XMLSchema-instance"><record format="AlephXML" type="Bibliographic"><leader>00000 M2.01200024   000h</leader><datafield ind2=" " ind1=" " tag="LDR"><subfield code="a">------M2.01200024------h</subfield></datafield><datafield ind2=" " ind1=" " tag="FMT"><subfield code="a">MH</subfield></datafield><datafield ind2="1" ind1=" " tag="001"><subfield code="a">HT016424175</subfield></datafield><datafield ind2="1" ind1="a" tag="002"><subfield code="a">20100705</subfield></datafield><datafield ind2="1" ind1=" " tag="026"><subfield code="a">HBZHT016424175</subfield></datafield><datafield ind2=" " ind1=" " tag="030"><subfield code="a">a|1uc||||||1|</subfield></datafield><datafield ind2="1" ind1="a" tag="036"><subfield code="a">DE</subfield></datafield><datafield ind2="1" ind1="b" tag="037"><subfield code="a">lat</subfield></datafield><datafield ind2=" " ind1=" " tag="050"><subfield code="a">a|||||||||||||</subfield></datafield><datafield ind2=" " ind1=" " tag="051"><subfield code="a">am||||||</subfield></datafield><datafield ind2="1" ind1=" " tag="070"><subfield code="a">575</subfield></datafield><datafield ind2="1" ind1=" " tag="080"><subfield code="a">60</subfield></datafield><datafield ind2="1" ind1=" " tag="100"><subfield code="p">Hildegardis</subfield><subfield code="c">Bingensis</subfield><subfield code="d">1098-1179</subfield><subfield code="9">(DE-588)118550993</subfield></datafield><datafield ind2="1" ind1=" " tag="101"><subfield code="p">Hildegard</subfield><subfield code="d">1098-1179</subfield></datafield><datafield ind2="1" ind1=" " tag="101"><subfield code="p">Hildegard</subfield><subfield code="c">Heilige, 1098-1179</subfield><subfield code="d">1098-1179</subfield></datafield><datafield ind2="1" ind1=" " tag="101"><subfield code="p">Hildegard</subfield><subfield code="c">Sankt</subfield><subfield code="d">1098-1179</subfield></datafield><datafield ind2="1" ind1=" " tag="101"><subfield code="p">Hildegardis</subfield><subfield code="c">Sancta</subfield><subfield code="d">1098-1179</subfield></datafield><datafield ind2="1" ind1=" " tag="101"><subfield code="p">Hildegardis</subfield><subfield code="c">Abbatissa</subfield><subfield code="d">1098-1179</subfield></datafield><datafield ind2="1" ind1=" " tag="101"><subfield code="p">Hildegarde</subfield><subfield code="c">Sainte</subfield><subfield code="d">1098-1179</subfield></datafield><datafield ind2="1" ind1=" " tag="101"><subfield code="p">Ildegarda</subfield><subfield code="c">de Bingen</subfield><subfield code="d">1098-1179</subfield></datafield><datafield ind2="1" ind1=" " tag="101"><subfield code="p">Hildegardis</subfield><subfield code="c">de Monte Sancti Ruperti</subfield><subfield code="d">1098-1179</subfield></datafield><datafield ind2="1" ind1=" " tag="101"><subfield code="p">Hildegard</subfield><subfield code="c">die Heilige</subfield><subfield code="d">1098-1179</subfield></datafield><datafield ind2="1" ind1=" " tag="101"><subfield code="p">Hildegardis</subfield><subfield code="c">de Bingen</subfield><subfield code="d">1098-1179</subfield></datafield><datafield ind2="1" ind1=" " tag="101"><subfield code="p">Hildegardt</subfield><subfield code="d">1098-1179</subfield></datafield><datafield ind2="1" ind1=" " tag="101"><subfield code="p">Hildegardis</subfield><subfield code="d">1098-1179</subfield></datafield><datafield ind2="1" ind1=" " tag="101"><subfield code="p">Bingen, Hildegard &lt;&lt;von&gt;&gt;</subfield><subfield code="d">1098-1179</subfield></datafield><datafield ind2="1" ind1=" " tag="101"><subfield code="p">Hildegard</subfield><subfield code="c">of Bingen</subfield><subfield code="d">1098-1179</subfield></datafield><datafield ind2="1" ind1=" " tag="101"><subfield code="p">Hildegardis</subfield><subfield code="c">Sancta Abatissa</subfield><subfield code="d">1098-1179</subfield></datafield><datafield ind2="1" ind1=" " tag="101"><subfield code="p">Ildegarda</subfield><subfield code="c">Santa</subfield><subfield code="d">1098-1179</subfield></datafield><datafield ind2="1" ind1=" " tag="101"><subfield code="p">Ildegarda</subfield><subfield code="c">Sant'</subfield><subfield code="d">1098-1179</subfield></datafield><datafield ind2="1" ind1=" " tag="101"><subfield code="p">Hildegardis</subfield><subfield code="c">Abbess</subfield><subfield code="d">1098-1179</subfield></datafield><datafield ind2="1" ind1=" " tag="101"><subfield code="p">Hildegard</subfield><subfield code="c">Heilige</subfield><subfield code="d">1098-1179</subfield></datafield><datafield ind2="1" ind1=" " tag="101"><subfield code="p">Hildegarde</subfield><subfield code="c">de Bingen</subfield><subfield code="d">1098-1179</subfield></datafield><datafield ind2="1" ind1=" " tag="101"><subfield code="p">Ildegarda</subfield><subfield code="c">di Bingen</subfield><subfield code="d">1098-1179</subfield></datafield><datafield ind2="1" ind1=" " tag="101"><subfield code="p">Hildegardis</subfield><subfield code="c">Abatissa</subfield><subfield code="d">1098-1179</subfield></datafield><datafield ind2="1" ind1=" " tag="101"><subfield code="p">Hildegarda</subfield><subfield code="c">di Bingen</subfield><subfield code="d">1098-1179</subfield></datafield><datafield ind2="1" ind1=" " tag="101"><subfield code="p">Hildegarda</subfield><subfield code="c">de Bingen</subfield><subfield code="d">1098-1179</subfield></datafield><datafield ind2="1" ind1=" " tag="101"><subfield code="p">Hildegard</subfield><subfield code="c">Bingeniläinen</subfield><subfield code="d">1098-1179</subfield></datafield><datafield ind2="1" ind1=" " tag="101"><subfield code="p">Childegard</subfield><subfield code="c">ot Bingen</subfield><subfield code="d">1098-1179</subfield></datafield><datafield ind2="1" ind1=" " tag="101"><subfield code="p">Bingen, Childegard &lt;&lt;ot&gt;&gt;</subfield><subfield code="d">1098-1179</subfield></datafield><datafield ind2="1" ind1=" " tag="101"><subfield code="p">Bingen, Hildegarde &lt;&lt;de&gt;&gt;</subfield><subfield code="d">1098-1179</subfield></datafield><datafield ind2="1" ind1=" " tag="101"><subfield code="p">Hildegard</subfield><subfield code="c">von Bingen</subfield><subfield code="d">1098-1179</subfield></datafield><datafield ind2="1" ind1=" " tag="101"><subfield code="p">Hildegardis von Bingen</subfield><subfield code="d">1098-1179</subfield></datafield><datafield ind2="1" ind1=" " tag="101"><subfield code="p">Hildegard</subfield><subfield code="c">Sainte</subfield><subfield code="d">1098-1179</subfield></datafield><datafield ind2="1" ind1=" " tag="101"><subfield code="p">Hildegardis</subfield><subfield code="c">de Alemannia</subfield><subfield code="d">1098-1179</subfield></datafield><datafield ind2="1" ind1="b" tag="104"><subfield code="p">Escot, Pozzi</subfield><subfield code="d">1933-</subfield><subfield code="b">[Bearb.]</subfield><subfield code="9">(DE-588)128917687</subfield></datafield><datafield ind2="1" ind1=" " tag="105"><subfield code="p">Pozzi Escot, Olga</subfield><subfield code="d">1933-</subfield></datafield><datafield ind2="1" ind1="b" tag="304"><subfield code="a">Unde quocumque</subfield></datafield><datafield ind2="1" ind1=" " tag="331"><subfield code="a">Unde quocumque</subfield></datafield><datafield ind2="1" ind1=" " tag="334"><subfield code="a">Musikdruck</subfield></datafield><datafield ind2="1" ind1=" " tag="359"><subfield code="a">Hildegard von Bingen</subfield></datafield><datafield ind2="1" ind1=" " tag="425"><subfield code="a">c 1994</subfield></datafield><datafield ind2="1" ind1="a" tag="425"><subfield code="a">1994</subfield></datafield><datafield ind2="1" ind1="a" tag="503"><subfield code="a">Transkription der mittelalterlichen Neumen in moderne Notation</subfield></datafield><datafield ind2="1" ind1=" " tag="516"><subfield code="a">Melodien mit unterlegtem Text</subfield></datafield><datafield ind2="1" ind1=" " tag="590"><subfield code="a">&lt;&lt;The&gt;&gt; Ursula Antiphons ... [Musikdruck]</subfield></datafield><datafield ind2="1" ind1=" " tag="591"><subfield code="a">Hildegard von Bingen</subfield></datafield><datafield ind2="1" ind1=" " tag="594"><subfield code="a">[Kassel]</subfield></datafield><datafield ind2="1" ind1=" " tag="595"><subfield code="a">1994</subfield></datafield><datafield ind2="1" ind1=" " tag="599"><subfield code="a">HT016424145</subfield></datafield><datafield ind2=" " ind1=" " tag="SYS"><subfield code="a">018117852</subfield></datafield></record></collection>